@PREAMBLE{
 "\providecommand{\noopsort}[1]{}"
 # "\providecommand{\singleletter}[1]{#1}%"
}

@ARTICLE{Peruzzo2014,
   author       = "A. Peruzzo and J. McClean and P. Shadbolt and M.-H. Yung and X.-Q. Zhou and P. J. Love and A. Aspuru-Guzik and J. L. O'Brien",
   title        = "A variational eigenvalue solver on a photonic quantum processor",
   journal      = "Nature Communications",
   volume       = "5",
   pages        = "4213",
   year         = "2014",
}

@ARTICLE{McClean2016,
   author       = "J. R. McClean and J. Romero and R. Babbush and A. Aspuru-Guzik",
   title        = "The theory of variational hybrid quantum-classical algorithms",
   journal      = "New Journal of Physics",
   volume       = "18",
   number       = "2",
   pages        = "023023",
   year         = "2016",
}

@ARTICLE{Wecker2015,
   author       = "D. Wecker and M. B. Hastings and M. Troyer",
   title        = "Progress towards practical quantum variational algorithms",
   journal      = "Physical Review A",
   volume       = "92",
   number       = "4",
   pages        = "042303",
   year         = "2015",
}

@ARTICLE{Kandala2017,
   author       = "A. Kandala and A. Mezzacapo and K. Temme and M. Takita and M. Brink and J. M. Chow and J. M. Gambetta",
   title        = "Hardware-efficient variational quantum eigensolver for small molecules and quantum magnets",
   journal      = "Nature",
   volume       = "549",
   number       = "7671",
   pages        = "242--246",
   year         = "2017",
}

@ARTICLE{Harrow2009,
   author       = "A. W. Harrow et al.",
   title        = "Quantum algorithm for linear systems of equations",
   journal      = "Physical Review Letters",
   volume       = "103",
   pages        = "150502",
   year         = "2009",
}

@ARTICLE{Verteletskyi2020,
   author       = "V. Verteletskyi and T.-C. Yen and A. F. Izmaylov",
   title        = "Measurement optimization in the variational quantum eigensolver using a minimum clique cover",
   journal      = "The Journal of Chemical Physics",
   volume       = "152",
   number       = "12",
   pages        = "124114",
   year         = "2020",
}

@INPROCEEDINGS{Grover1996,
   author       = "L. K. Grover",
   title        = "A fast quantum mechanical algorithm for database search",
   booktitle    = "Proceedings of the 28th Annual ACM Symposium on Theory of Computing",
   pages        = "212--219",
   year         = "1996",
}

@ARTICLE{Cerezo2021,
   author       = "M. Cerezo and A. Arrasmith and R. Babbush and S. C. Benjamin and S. Endo and K. Fujii and J. R. McClean and K. Mitarai and X. Yuan and L. Cincio and P. J. Coles",
   title        = "Variational quantum algorithms",
   journal      = "Nature Reviews Physics",
   volume       = "3",
   number       = "9",
   pages        = "625--644",
   year         = "2021",
}

@ARTICLE{Hodson2019,
   author       = "M. Hodson and J. S. Oberoi and D. Wang",
   title        = "Portfolio optimization using the quantum alternating operator ansatz",
   journal      = "arXiv preprint",
   eprint       = "arXiv:1911.05296",
   year         = "2019",
}

@ARTICLE{Moll2018,
   author       = "N. Moll and P. Barkoutsos and L. S. Bishop and J. M. Chow and A. Cross and D. J. Egger and S. Filipp and A. Fuhrer and J. M. Gambetta and M. Ganzhorn and A. Kandala and A. Mezzacapo and P. M{\"u}ller and W. Riess and G. Salis and J. Smolin and I. Tavernelli and K. Temme and B. Vlastakis and J. M. Gambetta",
   title        = "Quantum optimization using variational algorithms on near-term quantum devices",
   journal      = "Quantum Science and Technology",
   volume       = "3",
   number       = "3",
   pages        = "030503",
   year         = "2018",
}

@ARTICLE{Tilly2022,
   author       = "Jules Tilly and Hongxiang Chen and Shuxiang Cao and Dario Picozzi and Kanav Setia and Ying Li and Edward Grant and Leonard Wossnig and Ivan Rungger and George H. Booth and Jonathan Tennyson",
   title        = "The Variational Quantum Eigensolver: A review of methods and best practices",
   journal      = "Physics Reports",
   volume       = "986",
   pages        = "1-128",
   year         = "2022",
   doi          = "10.1016/j.physrep.2022.08.003",
   url          = "https://www.sciencedirect.com/science/article/pii/S0370157322003118"
}

@ARTICLE{Shor1997,
   author       = "P. W. Shor",
   title        = "Polynomial-Time Algorithms for Prime Factorization and Discrete Logarithms on a Quantum Computer",
   journal      = "SIAM Journal on Computing",
   volume       = "26",
   pages        = "1484--1509",
   year         = "1997",
}

@ARTICLE{Woerner2019,
   author       = "S. Woerner and D. J. Egger",
   title        = "Quantum risk analysis",
   journal      = "npj Quantum Information",
   volume       = "5",
   pages        = "15",
   year         = "2019",
}

@ARTICLE{McClean2018,
   author       = "J. R. McClean and S. Boixo and V. N. Smelyanskiy and R. Babbush and H. Neven",
   title        = "Barren plateaus in quantum neural network training landscapes",
   journal      = "Nature Communications",
   volume       = "9",
   number       = "1",
   pages        = "4812",
   year         = "2018",
}

@ARTICLE{Devitt2016,
   author       = "S. J. Devitt",
   title        = "Performing quantum computing experiments in the cloud",
   journal      = "Physical Review A",
   volume       = "94",
   pages        = "032329",
   year         = "2016",
}

@ARTICLE{Grant2019,
   author       = "E. Grant and L. Wossnig and M. Ostaszewski and M. Benedetti",
   title        = "An initialization strategy for addressing barren plateaus in parametrized quantum circuits",
   journal      = "Quantum",
   volume       = "3",
   pages        = "214",
   year         = "2019",
}

@ARTICLE{Skolik2021,
   author       = "A. Skolik and J. R. McClean and M. Mohseni and P. van der Smagt and M. Leib",
   title        = "Layerwise learning for quantum neural networks",
   journal      = "Quantum Machine Intelligence",
   volume       = "3",
   number       = "1",
   pages        = "5",
   year         = "2021",
}

@ARTICLE{Krinner2019,
   author       = "S. Krinner et al.",
   title        = "Engineering cryogenic setups for 100-qubit scale superconducting circuit systems",
   journal      = "EPJ Quantum Technology",
   volume       = "6",
   pages        = "2",
   year         = "2019",
}

@ARTICLE{Bharti2022,
   author       = "K. Bharti et al.",
   title        = "Noisy intermediate-scale quantum algorithms",
   journal      = "Reviews of Modern Physics",
   volume       = "94",
   pages        = "015004",
   year         = "2022",
}

@MISC{IBMQBrisbane,
   author       = "{IBM Quantum}",
   title        = "{IBM} {Q}uantum {E}xperience",
   howpublished = "\url{https://quantum-computing.ibm.com/}",
   year         = "2023",
   note         = "Accessed: 2023-10-01",
}

@INPROCEEDINGS{Tannu2019,
   author       = "S. S. Tannu and M. K. Qureshi",
   title        = "Not All Qubits Are Created Equal: A Case for Variability-Aware Policies for NISQ-Era Quantum Computers",
   booktitle    = "Proceedings of the 24th International Conference on Architectural Support for Programming Languages and Operating Systems",
   pages        = "987--999",
   year         = "2019",
}

@ARTICLE{Wang2021,
   author       = "S. Wang and E. Fontana and M. Cerezo and K. Sharma and A. Sone and L. Cincio and P. J. Coles",
   title        = "Noise-induced barren plateaus in variational quantum algorithms",
   journal      = "Nature Communications",
   volume       = "12",
   number       = "1",
   pages        = "6961",
   year         = "2021",
}

@ARTICLE{Wiebe2014,
   author       = "N. Wiebe and C. Granade and C. Ferrie and D. G. Cory",
   title        = "Hamiltonian learning and certification using quantum resources",
   journal      = "Physical Review Letters",
   volume       = "112",
   number       = "19",
   pages        = "190501",
   year         = "2014",
}

@ARTICLE{Markowitz1952,
   author       = "H. Markowitz",
   title        = "Portfolio selection",
   journal      = "The Journal of Finance",
   volume       = "7",
   number       = "1",
   pages        = "77--91",
   year         = "1952",
}

@ARTICLE{Farhi2014,
   author       = "E. Farhi et al.",
   title        = "A Quantum Approximate Optimization Algorithm",
   journal      = "arXiv preprint arXiv:1411.4028",
   year         = "2014",
}

@ARTICLE{Black1992,
   author       = "F. Black and R. Litterman",
   title        = "Global portfolio optimization",
   journal      = "Financial Analysts Journal",
   volume       = "48",
   number       = "5",
   pages        = "28--43",
   year         = "1992",
}

@ARTICLE{Farhi2000,
   author       = "E. Farhi et al.",
   title        = "Quantum Computation by Adiabatic Evolution",
   journal      = "arXiv preprint quant-ph/0001106",
   year         = "2000",
}

@ARTICLE{Sharpe1964,
   author       = "W. F. Sharpe",
   title        = "Capital asset prices: A theory of market equilibrium under conditions of risk",
   journal      = "The Journal of Finance",
   volume       = "19",
   number       = "3",
   pages        = "425--442",
   year         = "1964",
}

@ARTICLE{Fama1993,
   author       = "E. F. Fama and K. R. French",
   title        = "Common risk factors in the returns on stocks and bonds",
   journal      = "Journal of Financial Economics",
   volume       = "33",
   number       = "1",
   pages        = "3--56",
   year         = "1993",
}

@BOOK{Boyd2004,
   author       = "S. Boyd and L. Vandenberghe",
   title        = "Convex Optimization",
   publisher    = "Cambridge University Press",
   year         = "2004",
}

@ARTICLE{Preskill2018,
   author       = "J. Preskill",
   title        = "Quantum Computing in the NISQ era and beyond",
   journal      = "Quantum",
   volume       = "2",
   pages        = "79",
   year         = "2018",
}

